[{"id": 4259659673, "price": "101688.04000000", "qty": "0.00010000", "quoteQty": "10.16880400", "time": 1734015975177, "isBuyerMaker": true, "isBestMatch": true}, {"id": 4259659674, "price": "101688.04000000", "qty": "0.00005000", "quoteQty": "5.08440200", "time": 1734015975177, "isBuyerMaker": true, "isBestMatch": true}, {"id": 4259659675, "price": "101688.04000000", "qty": "0.00005000", "quoteQty": "5.08440200", "time": 1734015975177, "isBuyerMaker": true, "isBestMatch": true}, {"id": 4259659676, "price": "101688.04000000", "qty": "0.00005000", "quoteQty": "5.08440200", "time": 1734015975177, "isBuyerMaker": true, "isBestMatch": true}, {"id": 4259659677, "price": "101688.04000000", "qty": "0.00005000", "quoteQty": "5.08440200", "time": 1734015975177, "isBuyerMaker": true, "isBestMatch": true}, {"id": 4259659678, "price": "101688.04000000", "qty": "0.00005000", "quoteQty": "5.08440200", "time": 1734015975177, "isBuyerMaker": true, "isBestMatch": true}, {"id": 4259659679, "price": "101688.04000000", "qty": "0.00005000", "quoteQty": "5.08440200", "time": 1734015975177, "isBuyerMaker": true, "isBestMatch": true}, {"id": 4259659680, "price": "101688.04000000", "qty": "0.00005000", "quoteQty": "5.08440200", "time": 1734015975177, "isBuyerMaker": true, "isBestMatch": true}, {"id": 4259659681, "price": "101688.04000000", "qty": "0.00005000", "quoteQty": "5.08440200", "time": 1734015975177, "isBuyerMaker": true, "isBestMatch": true}, {"id": 4259659682, "price": "101688.04000000", "qty": "0.00005000", "quoteQty": "5.08440200", "time": 1734015975177, "isBuyerMaker": true, "isBestMatch": true}, {"id": 4259659683, "price": "101688.04000000", "qty": "0.00005000", "quoteQty": "5.08440200", "time": 1734015975177, "isBuyerMaker": true, "isBestMatch": true}, {"id": 4259659684, "price": "101688.04000000", "qty": "0.00005000", "quoteQty": "5.08440200", "time": 1734015975177, "isBuyerMaker": true, "isBestMatch": true}, {"id": 4259659685, "price": "101688.04000000", "qty": "0.00005000", "quoteQty": "5.08440200", "time": 1734015975177, "isBuyerMaker": true, "isBestMatch": true}, {"id": 4259659686, "price": "101688.04000000", "qty": "0.00005000", "quoteQty": "5.08440200", "time": 1734015975177, "isBuyerMaker": true, "isBestMatch": true}, {"id": 4259659687, "price": "101688.04000000", "qty": "0.00005000", "quoteQty": "5.08440200", "time": 1734015975177, "isBuyerMaker": true, "isBestMatch": true}, {"id": 4259659688, "price": "101688.04000000", "qty": "0.00005000", "quoteQty": "5.08440200", "time": 1734015975177, "isBuyerMaker": true, "isBestMatch": true}, {"id": 4259659689, "price": "101688.04000000", "qty": "0.00005000", "quoteQty": "5.08440200", "time": 1734015975177, "isBuyerMaker": true, "isBestMatch": true}, {"id": 4259659690, "price": "101688.04000000", "qty": "0.00005000", "quoteQty": "5.08440200", "time": 1734015975177, "isBuyerMaker": true, "isBestMatch": true}, {"id": 4259659691, "price": "101688.04000000", "qty": "0.00005000", "quoteQty": "5.08440200", "time": 1734015975177, "isBuyerMaker": true, "isBestMatch": true}, {"id": 4259659692, "price": "101688.02000000", "qty": "0.00010000", "quoteQty": "10.16880200", "time": 1734015975180, "isBuyerMaker": true, "isBestMatch": true}, {"id": 4259659693, "price": "101688.02000000", "qty": "0.00008000", "quoteQty": "8.13504160", "time": 1734015975180, "isBuyerMaker": true, "isBestMatch": true}, {"id": 4259659694, "price": "101688.02000000", "qty": "0.00011000", "quoteQty": "11.18568220", "time": 1734015975180, "isBuyerMaker": true, "isBestMatch": true}, {"id": 4259659695, "price": "101688.02000000", "qty": "0.00007000", "quoteQty": "7.11816140", "time": 1734015975180, "isBuyerMaker": true, "isBestMatch": true}, {"id": 4259659696, "price": "101688.02000000", "qty": "0.00003000", "quoteQty": "3.05064060", "time": 1734015975180, "isBuyerMaker": true, "isBestMatch": true}, {"id": 4259659697, "price": "101688.01000000", "qty": "0.00010000", "quoteQty": "10.16880100", "time": 1734015975180, "isBuyerMaker": true, "isBestMatch": true}, {"id": 4259659698, "price": "101688.01000000", "qty": "0.00005000", "quoteQty": "5.08440050", "time": 1734015975180, "isBuyerMaker": true, "isBestMatch": true}, {"id": 4259659699, "price": "101688.01000000", "qty": "0.00003000", "quoteQty": "3.05064030", "time": 1734015975183, "isBuyerMaker": true, "isBestMatch": true}, {"id": 4259659700, "price": "101688.01000000", "qty": "0.00005000", "quoteQty": "5.08440050", "time": 1734015975183, "isBuyerMaker": true, "isBestMatch": true}, {"id": 4259659701, "price": "101688.01000000", "qty": "0.00006000", "quoteQty": "6.10128060", "time": 1734015975183, "isBuyerMaker": true, "isBestMatch": true}, {"id": 4259659702, "price": "101688.01000000", "qty": "0.00010000", "quoteQty": "10.16880100", "time": 1734015975183, "isBuyerMaker": true, "isBestMatch": true}, {"id": 4259659703, "price": "101688.01000000", "qty": "0.00005000", "quoteQty": "5.08440050", "time": 1734015975183, "isBuyerMaker": true, "isBestMatch": true}, {"id": 4259659704, "price": "101688.01000000", "qty": "0.00006000", "quoteQty": "6.10128060", "time": 1734015975183, "isBuyerMaker": true, "isBestMatch": true}, {"id": 4259659705, "price": "101688.01000000", "qty": "0.00005000", "quoteQty": "5.08440050", "time": 1734015975183, "isBuyerMaker": true, "isBestMatch": true}, {"id": 4259659706, "price": "101688.01000000", "qty": "0.00006000", "quoteQty": "6.10128060", "time": 1734015975183, "isBuyerMaker": true, "isBestMatch": true}, {"id": 4259659707, "price": "101688.01000000", "qty": "0.00005000", "quoteQty": "5.08440050", "time": 1734015975183, "isBuyerMaker": true, "isBestMatch": true}, {"id": 4259659708, "price": "101688.01000000", "qty": "0.00006000", "quoteQty": "6.10128060", "time": 1734015975183, "isBuyerMaker": true, "isBestMatch": true}, {"id": 4259659709, "price": "101688.01000000", "qty": "0.00005000", "quoteQty": "5.08440050", "time": 1734015975183, "isBuyerMaker": true, "isBestMatch": true}, {"id": 4259659710, "price": "101688.01000000", "qty": "0.00006000", "quoteQty": "6.10128060", "time": 1734015975183, "isBuyerMaker": true, "isBestMatch": true}, {"id": 4259659711, "price": "101688.01000000", "qty": "0.00005000", "quoteQty": "5.08440050", "time": 1734015975183, "isBuyerMaker": true, "isBestMatch": true}, {"id": 4259659712, "price": "101688.01000000", "qty": "0.00006000", "quoteQty": "6.10128060", "time": 1734015975183, "isBuyerMaker": true, "isBestMatch": true}, {"id": 4259659713, "price": "101688.01000000", "qty": "0.00005000", "quoteQty": "5.08440050", "time": 1734015975183, "isBuyerMaker": true, "isBestMatch": true}, {"id": 4259659714, "price": "101688.01000000", "qty": "0.00006000", "quoteQty": "6.10128060", "time": 1734015975183, "isBuyerMaker": true, "isBestMatch": true}, {"id": 4259659715, "price": "101688.01000000", "qty": "0.00005000", "quoteQty": "5.08440050", "time": 1734015975183, "isBuyerMaker": true, "isBestMatch": true}, {"id": 4259659716, "price": "101688.01000000", "qty": "0.00006000", "quoteQty": "6.10128060", "time": 1734015975183, "isBuyerMaker": true, "isBestMatch": true}, {"id": 4259659717, "price": "101688.01000000", "qty": "0.00005000", "quoteQty": "5.08440050", "time": 1734015975183, "isBuyerMaker": true, "isBestMatch": true}, {"id": 4259659718, "price": "101688.01000000", "qty": "0.00006000", "quoteQty": "6.10128060", "time": 1734015975183, "isBuyerMaker": true, "isBestMatch": true}, {"id": 4259659719, "price": "101688.01000000", "qty": "0.00005000", "quoteQty": "5.08440050", "time": 1734015975183, "isBuyerMaker": true, "isBestMatch": true}, {"id": 4259659720, "price": "101688.01000000", "qty": "0.00006000", "quoteQty": "6.10128060", "time": 1734015975183, "isBuyerMaker": true, "isBestMatch": true}, {"id": 4259659721, "price": "101688.00000000", "qty": "0.00010000", "quoteQty": "10.16880000", "time": 1734015975183, "isBuyerMaker": true, "isBestMatch": true}, {"id": 4259659722, "price": "101688.00000000", "qty": "0.00010000", "quoteQty": "10.16880000", "time": 1734015975183, "isBuyerMaker": true, "isBestMatch": true}, {"id": 4259659723, "price": "101687.75000000", "qty": "0.00022000", "quoteQty": "22.37130500", "time": 1734015975187, "isBuyerMaker": true, "isBestMatch": true}, {"id": 4259659724, "price": "101687.75000000", "qty": "0.00010000", "quoteQty": "10.16877500", "time": 1734015975187, "isBuyerMaker": true, "isBestMatch": true}, {"id": 4259659725, "price": "101687.75000000", "qty": "0.00010000", "quoteQty": "10.16877500", "time": 1734015975187, "isBuyerMaker": true, "isBestMatch": true}, {"id": 4259659726, "price": "101686.84000000", "qty": "0.00010000", "quoteQty": "10.16868400", "time": 1734015975187, "isBuyerMaker": true, "isBestMatch": true}, {"id": 4259659727, "price": "101686.84000000", "qty": "0.00010000", "quoteQty": "10.16868400", "time": 1734015975187, "isBuyerMaker": true, "isBestMatch": true}, {"id": 4259659728, "price": "101686.84000000", "qty": "0.00010000", "quoteQty": "10.16868400", "time": 1734015975187, "isBuyerMaker": true, "isBestMatch": true}, {"id": 4259659729, "price": "101685.52000000", "qty": "0.00006000", "quoteQty": "6.10113120", "time": 1734015975187, "isBuyerMaker": true, "isBestMatch": true}, {"id": 4259659730, "price": "101685.52000000", "qty": "0.00010000", "quoteQty": "10.16855200", "time": 1734015975187, "isBuyerMaker": true, "isBestMatch": true}, {"id": 4259659731, "price": "101685.52000000", "qty": "0.00012000", "quoteQty": "12.20226240", "time": 1734015975187, "isBuyerMaker": true, "isBestMatch": true}, {"id": 4259659732, "price": "101685.52000000", "qty": "0.00006000", "quoteQty": "6.10113120", "time": 1734015975187, "isBuyerMaker": true, "isBestMatch": true}, {"id": 4259659733, "price": "101685.52000000", "qty": "0.00010000", "quoteQty": "10.16855200", "time": 1734015975187, "isBuyerMaker": true, "isBestMatch": true}, {"id": 4259659734, "price": "101685.52000000", "qty": "0.00006000", "quoteQty": "6.10113120", "time": 1734015975187, "isBuyerMaker": true, "isBestMatch": true}, {"id": 4259659735, "price": "101685.52000000", "qty": "0.00006000", "quoteQty": "6.10113120", "time": 1734015975187, "isBuyerMaker": true, "isBestMatch": true}, {"id": 4259659736, "price": "101685.52000000", "qty": "0.00006000", "quoteQty": "6.10113120", "time": 1734015975187, "isBuyerMaker": true, "isBestMatch": true}, {"id": 4259659737, "price": "101685.52000000", "qty": "0.00006000", "quoteQty": "6.10113120", "time": 1734015975187, "isBuyerMaker": true, "isBestMatch": true}, {"id": 4259659738, "price": "101685.52000000", "qty": "0.00006000", "quoteQty": "6.10113120", "time": 1734015975187, "isBuyerMaker": true, "isBestMatch": true}, {"id": 4259659739, "price": "101685.52000000", "qty": "0.00006000", "quoteQty": "6.10113120", "time": 1734015975187, "isBuyerMaker": true, "isBestMatch": true}, {"id": 4259659740, "price": "101685.52000000", "qty": "0.00006000", "quoteQty": "6.10113120", "time": 1734015975187, "isBuyerMaker": true, "isBestMatch": true}, {"id": 4259659741, "price": "101685.52000000", "qty": "0.00006000", "quoteQty": "6.10113120", "time": 1734015975187, "isBuyerMaker": true, "isBestMatch": true}, {"id": 4259659742, "price": "101684.65000000", "qty": "0.00022000", "quoteQty": "22.37062300", "time": 1734015975189, "isBuyerMaker": true, "isBestMatch": true}, {"id": 4259659743, "price": "101684.65000000", "qty": "0.00010000", "quoteQty": "10.16846500", "time": 1734015975189, "isBuyerMaker": true, "isBestMatch": true}, {"id": 4259659744, "price": "101684.65000000", "qty": "0.00010000", "quoteQty": "10.16846500", "time": 1734015975189, "isBuyerMaker": true, "isBestMatch": true}, {"id": 4259659745, "price": "101684.04000000", "qty": "0.00010000", "quoteQty": "10.16840400", "time": 1734015975189, "isBuyerMaker": true, "isBestMatch": true}, {"id": 4259659746, "price": "101684.04000000", "qty": "0.00010000", "quoteQty": "10.16840400", "time": 1734015975189, "isBuyerMaker": true, "isBestMatch": true}, {"id": 4259659747, "price": "101684.03000000", "qty": "0.00010000", "quoteQty": "10.16840300", "time": 1734015975189, "isBuyerMaker": true, "isBestMatch": true}, {"id": 4259659748, "price": "101684.03000000", "qty": "0.00005000", "quoteQty": "5.08420150", "time": 1734015975189, "isBuyerMaker": true, "isBestMatch": true}, {"id": 4259659749, "price": "101684.03000000", "qty": "0.00005000", "quoteQty": "5.08420150", "time": 1734015975189, "isBuyerMaker": true, "isBestMatch": true}, {"id": 4259659750, "price": "101684.03000000", "qty": "0.00010000", "quoteQty": "10.16840300", "time": 1734015975189, "isBuyerMaker": true, "isBestMatch": true}, {"id": 4259659751, "price": "101684.03000000", "qty": "0.00005000", "quoteQty": "5.08420150", "time": 1734015975189, "isBuyerMaker": true, "isBestMatch": true}, {"id": 4259659752, "price": "101684.03000000", "qty": "0.00005000", "quoteQty": "5.08420150", "time": 1734015975189, "isBuyerMaker": true, "isBestMatch": true}, {"id": 4259659753, "price": "101684.03000000", "qty": "0.00005000", "quoteQty": "5.08420150", "time": 1734015975189, "isBuyerMaker": true, "isBestMatch": true}, {"id": 4259659754, "price": "101684.03000000", "qty": "0.00005000", "quoteQty": "5.08420150", "time": 1734015975189, "isBuyerMaker": true, "isBestMatch": true}, {"id": 4259659755, "price": "101684.03000000", "qty": "0.00005000", "quoteQty": "5.08420150", "time": 1734015975189, "isBuyerMaker": true, "isBestMatch": true}, {"id": 4259659756, "price": "101684.03000000", "qty": "0.00005000", "quoteQty": "5.08420150", "time": 1734015975189, "isBuyerMaker": true, "isBestMatch": true}, {"id": 4259659757, "price": "101684.03000000", "qty": "0.00005000", "quoteQty": "5.08420150", "time": 1734015975189, "isBuyerMaker": true, "isBestMatch": true}, {"id": 4259659758, "price": "101684.03000000", "qty": "0.00005000", "quoteQty": "5.08420150", "time": 1734015975189, "isBuyerMaker": true, "isBestMatch": true}, {"id": 4259659759, "price": "101684.03000000", "qty": "0.00005000", "quoteQty": "5.08420150", "time": 1734015975189, "isBuyerMaker": true, "isBestMatch": true}, {"id": 4259659760, "price": "101684.03000000", "qty": "0.00005000", "quoteQty": "5.08420150", "time": 1734015975189, "isBuyerMaker": true, "isBestMatch": true}, {"id": 4259659761, "price": "101684.03000000", "qty": "0.00005000", "quoteQty": "5.08420150", "time": 1734015975189, "isBuyerMaker": true, "isBestMatch": true}, {"id": 4259659762, "price": "101684.03000000", "qty": "0.00005000", "quoteQty": "5.08420150", "time": 1734015975189, "isBuyerMaker": true, "isBestMatch": true}, {"id": 4259659763, "price": "101684.03000000", "qty": "0.00005000", "quoteQty": "5.08420150", "time": 1734015975189, "isBuyerMaker": true, "isBestMatch": true}, {"id": 4259659764, "price": "101684.03000000", "qty": "0.00005000", "quoteQty": "5.08420150", "time": 1734015975189, "isBuyerMaker": true, "isBestMatch": true}, {"id": 4259659765, "price": "101684.03000000", "qty": "0.00005000", "quoteQty": "5.08420150", "time": 1734015975189, "isBuyerMaker": true, "isBestMatch": true}, {"id": 4259659766, "price": "101684.03000000", "qty": "0.00005000", "quoteQty": "5.08420150", "time": 1734015975189, "isBuyerMaker": true, "isBestMatch": true}, {"id": 4259659767, "price": "101684.03000000", "qty": "0.00005000", "quoteQty": "5.08420150", "time": 1734015975189, "isBuyerMaker": true, "isBestMatch": true}, {"id": 4259659768, "price": "101684.03000000", "qty": "0.00005000", "quoteQty": "5.08420150", "time": 1734015975189, "isBuyerMaker": true, "isBestMatch": true}, {"id": 4259659769, "price": "101684.02000000", "qty": "0.00084000", "quoteQty": "85.41457680", "time": 1734015975189, "isBuyerMaker": true, "isBestMatch": true}, {"id": 4259659770, "price": "101684.02000000", "qty": "0.00010000", "quoteQty": "10.16840200", "time": 1734015975204, "isBuyerMaker": true, "isBestMatch": true}, {"id": 4259659771, "price": "101684.02000000", "qty": "0.00008000", "quoteQty": "8.13472160", "time": 1734015975204, "isBuyerMaker": true, "isBestMatch": true}, {"id": 4259659772, "price": "101684.02000000", "qty": "0.00002000", "quoteQty": "2.03368040", "time": 1734015975204, "isBuyerMaker": true, "isBestMatch": true}, {"id": 4259659773, "price": "101684.02000000", "qty": "0.00016000", "quoteQty": "16.26944320", "time": 1734015975204, "isBuyerMaker": true, "isBestMatch": true}, {"id": 4259659774, "price": "101684.02000000", "qty": "0.00003000", "quoteQty": "3.05052060", "time": 1734015975204, "isBuyerMaker": true, "isBestMatch": true}, {"id": 4259659775, "price": "101684.02000000", "qty": "0.00010000", "quoteQty": "10.16840200", "time": 1734015975204, "isBuyerMaker": true, "isBestMatch": true}, {"id": 4259659776, "price": "101684.02000000", "qty": "0.00005000", "quoteQty": "5.08420100", "time": 1734015975204, "isBuyerMaker": true, "isBestMatch": true}, {"id": 4259659777, "price": "101684.02000000", "qty": "0.00005000", "quoteQty": "5.08420100", "time": 1734015975204, "isBuyerMaker": true, "isBestMatch": true}, {"id": 4259659778, "price": "101684.01000000", "qty": "0.00010000", "quoteQty": "10.16840100", "time": 1734015975204, "isBuyerMaker": true, "isBestMatch": true}, {"id": 4259659779, "price": "101684.01000000", "qty": "0.00003000", "quoteQty": "3.05052030", "time": 1734015975204, "isBuyerMaker": true, "isBestMatch": true}, {"id": 4259659780, "price": "101684.01000000", "qty": "0.00007000", "quoteQty": "7.11788070", "time": 1734015975204, "isBuyerMaker": true, "isBestMatch": true}, {"id": 4259659781, "price": "101683.28000000", "qty": "0.00010000", "quoteQty": "10.16832800", "time": 1734015975204, "isBuyerMaker": true, "isBestMatch": true}, {"id": 4259659782, "price": "101683.28000000", "qty": "0.00001000", "quoteQty": "1.01683280", "time": 1734015975204, "isBuyerMaker": true, "isBestMatch": true}, {"id": 4259659783, "price": "101683.28000000", "qty": "0.00009000", "quoteQty": "9.15149520", "time": 1734015975204, "isBuyerMaker": true, "isBestMatch": true}, {"id": 4259659784, "price": "101683.28000000", "qty": "0.00009000", "quoteQty": "9.15149520", "time": 1734015975204, "isBuyerMaker": true, "isBestMatch": true}, {"id": 4259659785, "price": "101683.28000000", "qty": "0.00001000", "quoteQty": "1.01683280", "time": 1734015975204, "isBuyerMaker": true, "isBestMatch": true}, {"id": 4259659786, "price": "101682.62000000", "qty": "0.00010000", "quoteQty": "10.16826200", "time": 1734015975204, "isBuyerMaker": true, "isBestMatch": true}, {"id": 4259659787, "price": "101682.62000000", "qty": "0.00007000", "quoteQty": "7.11778340", "time": 1734015975204, "isBuyerMaker": true, "isBestMatch": true}, {"id": 4259659788, "price": "101682.62000000", "qty": "0.00003000", "quoteQty": "3.05047860", "time": 1734015975204, "isBuyerMaker": true, "isBestMatch": true}, {"id": 4259659789, "price": "101682.59000000", "qty": "0.00015000", "quoteQty": "15.25238850", "time": 1734015975204, "isBuyerMaker": true, "isBestMatch": true}, {"id": 4259659790, "price": "101682.59000000", "qty": "0.00010000", "quoteQty": "10.16825900", "time": 1734015975204, "isBuyerMaker": true, "isBestMatch": true}, {"id": 4259659791, "price": "101682.59000000", "qty": "0.00008000", "quoteQty": "8.13460720", "time": 1734015975204, "isBuyerMaker": true, "isBestMatch": true}, {"id": 4259659792, "price": "101682.59000000", "qty": "0.00002000", "quoteQty": "2.03365180", "time": 1734015975204, "isBuyerMaker": true, "isBestMatch": true}, {"id": 4259659793, "price": "101682.39000000", "qty": "0.00008000", "quoteQty": "8.13459120", "time": 1734015975204, "isBuyerMaker": true, "isBestMatch": true}, {"id": 4259659794, "price": "101682.39000000", "qty": "0.00008000", "quoteQty": "8.13459120", "time": 1734015975204, "isBuyerMaker": true, "isBestMatch": true}, {"id": 4259659795, "price": "101682.39000000", "qty": "0.00002000", "quoteQty": "2.03364780", "time": 1734015975204, "isBuyerMaker": true, "isBestMatch": true}, {"id": 4259659796, "price": "101682.39000000", "qty": "0.00008000", "quoteQty": "8.13459120", "time": 1734015975204, "isBuyerMaker": true, "isBestMatch": true}, {"id": 4259659797, "price": "101682.39000000", "qty": "0.00008000", "quoteQty": "8.13459120", "time": 1734015975204, "isBuyerMaker": true, "isBestMatch": true}, {"id": 4259659798, "price": "101682.39000000", "qty": "0.00002000", "quoteQty": "2.03364780", "time": 1734015975204, "isBuyerMaker": true, "isBestMatch": true}, {"id": 4259659799, "price": "101682.39000000", "qty": "0.00008000", "quoteQty": "8.13459120", "time": 1734015975204, "isBuyerMaker": true, "isBestMatch": true}, {"id": 4259659800, "price": "101682.39000000", "qty": "0.00008000", "quoteQty": "8.13459120", "time": 1734015975204, "isBuyerMaker": true, "isBestMatch": true}, {"id": 4259659801, "price": "101682.39000000", "qty": "0.00008000", "quoteQty": "8.13459120", "time": 1734015975204, "isBuyerMaker": true, "isBestMatch": true}, {"id": 4259659802, "price": "101682.39000000", "qty": "0.00008000", "quoteQty": "8.13459120", "time": 1734015975204, "isBuyerMaker": true, "isBestMatch": true}, {"id": 4259659803, "price": "101682.39000000", "qty": "0.00002000", "quoteQty": "2.03364780", "time": 1734015975204, "isBuyerMaker": true, "isBestMatch": true}, {"id": 4259659804, "price": "101682.39000000", "qty": "0.00006000", "quoteQty": "6.10094340", "time": 1734015975204, "isBuyerMaker": true, "isBestMatch": true}, {"id": 4259659805, "price": "101682.39000000", "qty": "0.00008000", "quoteQty": "8.13459120", "time": 1734015975204, "isBuyerMaker": true, "isBestMatch": true}, {"id": 4259659806, "price": "101682.39000000", "qty": "0.00004000", "quoteQty": "4.06729560", "time": 1734015975204, "isBuyerMaker": true, "isBestMatch": true}, {"id": 4259659807, "price": "101682.39000000", "qty": "0.00004000", "quoteQty": "4.06729560", "time": 1734015975204, "isBuyerMaker": true, "isBestMatch": true}, {"id": 4259659808, "price": "101682.39000000", "qty": "0.00008000", "quoteQty": "8.13459120", "time": 1734015975204, "isBuyerMaker": true, "isBestMatch": true}, {"id": 4259659809, "price": "101682.13000000", "qty": "0.00005000", "quoteQty": "5.08410650", "time": 1734015975204, "isBuyerMaker": true, "isBestMatch": true}, {"id": 4259659810, "price": "101682.13000000", "qty": "0.00001000", "quoteQty": "1.01682130", "time": 1734015975204, "isBuyerMaker": true, "isBestMatch": true}, {"id": 4259659811, "price": "101682.13000000", "qty": "0.00004000", "quoteQty": "4.06728520", "time": 1734015975204, "isBuyerMaker": true, "isBestMatch": true}, {"id": 4259659812, "price": "101682.13000000", "qty": "0.00005000", "quoteQty": "5.08410650", "time": 1734015975204, "isBuyerMaker": true, "isBestMatch": true}, {"id": 4259659813, "price": "101682.13000000", "qty": "0.00005000", "quoteQty": "5.08410650", "time": 1734015975204, "isBuyerMaker": true, "isBestMatch": true}, {"id": 4259659814, "price": "101682.13000000", "qty": "0.00005000", "quoteQty": "5.08410650", "time": 1734015975204, "isBuyerMaker": true, "isBestMatch": true}, {"id": 4259659815, "price": "101682.13000000", "qty": "0.00005000", "quoteQty": "5.08410650", "time": 1734015975204, "isBuyerMaker": true, "isBestMatch": true}, {"id": 4259659816, "price": "101682.13000000", "qty": "0.00005000", "quoteQty": "5.08410650", "time": 1734015975204, "isBuyerMaker": true, "isBestMatch": true}, {"id": 4259659817, "price": "101682.13000000", "qty": "0.00005000", "quoteQty": "5.08410650", "time": 1734015975204, "isBuyerMaker": true, "isBestMatch": true}, {"id": 4259659818, "price": "101682.13000000", "qty": "0.00005000", "quoteQty": "5.08410650", "time": 1734015975204, "isBuyerMaker": true, "isBestMatch": true}, {"id": 4259659819, "price": "101682.13000000", "qty": "0.00005000", "quoteQty": "5.08410650", "time": 1734015975204, "isBuyerMaker": true, "isBestMatch": true}, {"id": 4259659820, "price": "101682.13000000", "qty": "0.00005000", "quoteQty": "5.08410650", "time": 1734015975204, "isBuyerMaker": true, "isBestMatch": true}, {"id": 4259659821, "price": "101682.13000000", "qty": "0.00005000", "quoteQty": "5.08410650", "time": 1734015975204, "isBuyerMaker": true, "isBestMatch": true}, {"id": 4259659822, "price": "101682.13000000", "qty": "0.00005000", "quoteQty": "5.08410650", "time": 1734015975204, "isBuyerMaker": true, "isBestMatch": true}, {"id": 4259659823, "price": "101682.13000000", "qty": "0.00005000", "quoteQty": "5.08410650", "time": 1734015975204, "isBuyerMaker": true, "isBestMatch": true}, {"id": 4259659824, "price": "101682.13000000", "qty": "0.00005000", "quoteQty": "5.08410650", "time": 1734015975204, "isBuyerMaker": true, "isBestMatch": true}, {"id": 4259659825, "price": "101682.13000000", "qty": "0.00005000", "quoteQty": "5.08410650", "time": 1734015975204, "isBuyerMaker": true, "isBestMatch": true}, {"id": 4259659826, "price": "101682.13000000", "qty": "0.00005000", "quoteQty": "5.08410650", "time": 1734015975204, "isBuyerMaker": true, "isBestMatch": true}, {"id": 4259659827, "price": "101682.13000000", "qty": "0.00005000", "quoteQty": "5.08410650", "time": 1734015975204, "isBuyerMaker": true, "isBestMatch": true}, {"id": 4259659828, "price": "101682.13000000", "qty": "0.00005000", "quoteQty": "5.08410650", "time": 1734015975204, "isBuyerMaker": true, "isBestMatch": true}, {"id": 4259659829, "price": "101682.13000000", "qty": "0.00005000", "quoteQty": "5.08410650", "time": 1734015975204, "isBuyerMaker": true, "isBestMatch": true}, {"id": 4259659830, "price": "101682.13000000", "qty": "0.00005000", "quoteQty": "5.08410650", "time": 1734015975204, "isBuyerMaker": true, "isBestMatch": true}, {"id": 4259659831, "price": "101682.13000000", "qty": "0.00005000", "quoteQty": "5.08410650", "time": 1734015975204, "isBuyerMaker": true, "isBestMatch": true}, {"id": 4259659832, "price": "101682.13000000", "qty": "0.00005000", "quoteQty": "5.08410650", "time": 1734015975204, "isBuyerMaker": true, "isBestMatch": true}, {"id": 4259659833, "price": "101682.13000000", "qty": "0.00005000", "quoteQty": "5.08410650", "time": 1734015975204, "isBuyerMaker": true, "isBestMatch": true}, {"id": 4259659834, "price": "101682.13000000", "qty": "0.00005000", "quoteQty": "5.08410650", "time": 1734015975204, "isBuyerMaker": true, "isBestMatch": true}, {"id": 4259659835, "price": "101682.13000000", "qty": "0.00005000", "quoteQty": "5.08410650", "time": 1734015975204, "isBuyerMaker": true, "isBestMatch": true}, {"id": 4259659836, "price": "101682.13000000", "qty": "0.00005000", "quoteQty": "5.08410650", "time": 1734015975204, "isBuyerMaker": true, "isBestMatch": true}, {"id": 4259659837, "price": "101682.13000000", "qty": "0.00005000", "quoteQty": "5.08410650", "time": 1734015975204, "isBuyerMaker": true, "isBestMatch": true}, {"id": 4259659838, "price": "101682.13000000", "qty": "0.00005000", "quoteQty": "5.08410650", "time": 1734015975204, "isBuyerMaker": true, "isBestMatch": true}, {"id": 4259659839, "price": "101682.13000000", "qty": "0.00005000", "quoteQty": "5.08410650", "time": 1734015975204, "isBuyerMaker": true, "isBestMatch": true}, {"id": 4259659840, "price": "101682.12000000", "qty": "0.00010000", "quoteQty": "10.16821200", "time": 1734015975204, "isBuyerMaker": true, "isBestMatch": true}, {"id": 4259659841, "price": "101682.12000000", "qty": "0.00010000", "quoteQty": "10.16821200", "time": 1734015975204, "isBuyerMaker": true, "isBestMatch": true}, {"id": 4259659842, "price": "101681.55000000", "qty": "0.00018000", "quoteQty": "18.30267900", "time": 1734015975204, "isBuyerMaker": true, "isBestMatch": true}, {"id": 4259659843, "price": "101681.55000000", "qty": "0.00004000", "quoteQty": "4.06726200", "time": 1734015975221, "isBuyerMaker": true, "isBestMatch": true}, {"id": 4259659844, "price": "101681.55000000", "qty": "0.00010000", "quoteQty": "10.16815500", "time": 1734015975221, "isBuyerMaker": true, "isBestMatch": true}, {"id": 4259659845, "price": "101681.55000000", "qty": "0.00010000", "quoteQty": "10.16815500", "time": 1734015975221, "isBuyerMaker": true, "isBestMatch": true}, {"id": 4259659846, "price": "101681.52000000", "qty": "0.00010000", "quoteQty": "10.16815200", "time": 1734015975221, "isBuyerMaker": true, "isBestMatch": true}, {"id": 4259659847, "price": "101681.52000000", "qty": "0.00006000", "quoteQty": "6.10089120", "time": 1734015975221, "isBuyerMaker": true, "isBestMatch": true}, {"id": 4259659848, "price": "101681.52000000", "qty": "0.00010000", "quoteQty": "10.16815200", "time": 1734015975221, "isBuyerMaker": true, "isBestMatch": true}, {"id": 4259659849, "price": "101681.52000000", "qty": "0.00006000", "quoteQty": "6.10089120", "time": 1734015975221, "isBuyerMaker": true, "isBestMatch": true}, {"id": 4259659850, "price": "101681.52000000", "qty": "0.00006000", "quoteQty": "6.10089120", "time": 1734015975221, "isBuyerMaker": true, "isBestMatch": true}, {"id": 4259659851, "price": "101681.52000000", "qty": "0.00006000", "quoteQty": "6.10089120", "time": 1734015975221, "isBuyerMaker": true, "isBestMatch": true}, {"id": 4259659852, "price": "101681.52000000", "qty": "0.00006000", "quoteQty": "6.10089120", "time": 1734015975221, "isBuyerMaker": true, "isBestMatch": true}, {"id": 4259659853, "price": "101681.52000000", "qty": "0.00006000", "quoteQty": "6.10089120", "time": 1734015975221, "isBuyerMaker": true, "isBestMatch": true}, {"id": 4259659854, "price": "101681.52000000", "qty": "0.00006000", "quoteQty": "6.10089120", "time": 1734015975221, "isBuyerMaker": true, "isBestMatch": true}, {"id": 4259659855, "price": "101681.52000000", "qty": "0.00006000", "quoteQty": "6.10089120", "time": 1734015975221, "isBuyerMaker": true, "isBestMatch": true}, {"id": 4259659856, "price": "101681.52000000", "qty": "0.00006000", "quoteQty": "6.10089120", "time": 1734015975221, "isBuyerMaker": true, "isBestMatch": true}, {"id": 4259659857, "price": "101681.52000000", "qty": "0.00006000", "quoteQty": "6.10089120", "time": 1734015975221, "isBuyerMaker": true, "isBestMatch": true}, {"id": 4259659858, "price": "101681.51000000", "qty": "0.02800000", "quoteQty": "2847.08228000", "time": 1734015975221, "isBuyerMaker": true, "isBestMatch": true}, {"id": 4259659859, "price": "101681.51000000", "qty": "0.00010000", "quoteQty": "10.16815100", "time": 1734015975221, "isBuyerMaker": true, "isBestMatch": true}, {"id": 4259659860, "price": "101681.51000000", "qty": "0.00010000", "quoteQty": "10.16815100", "time": 1734015975221, "isBuyerMaker": true, "isBestMatch": true}, {"id": 4259659861, "price": "101681.47000000", "qty": "0.00300000", "quoteQty": "305.04441000", "time": 1734015975221, "isBuyerMaker": true, "isBestMatch": true}, {"id": 4259659862, "price": "101681.47000000", "qty": "0.00010000", "quoteQty": "10.16814700", "time": 1734015975221, "isBuyerMaker": true, "isBestMatch": true}, {"id": 4259659863, "price": "101681.47000000", "qty": "0.00010000", "quoteQty": "10.16814700", "time": 1734015975221, "isBuyerMaker": true, "isBestMatch": true}, {"id": 4259659864, "price": "101681.18000000", "qty": "0.00010000", "quoteQty": "10.16811800", "time": 1734015975221, "isBuyerMaker": true, "isBestMatch": true}, {"id": 4259659865, "price": "101681.18000000", "qty": "0.00010000", "quoteQty": "10.16811800", "time": 1734015975221, "isBuyerMaker": true, "isBestMatch": true}, {"id": 4259659866, "price": "101680.83000000", "qty": "0.00010000", "quoteQty": "10.16808300", "time": 1734015975225, "isBuyerMaker": true, "isBestMatch": true}, {"id": 4259659867, "price": "101680.83000000", "qty": "0.00008000", "quoteQty": "8.13446640", "time": 1734015975225, "isBuyerMaker": true, "isBestMatch": true}, {"id": 4259659868, "price": "101680.83000000", "qty": "0.00002000", "quoteQty": "2.03361660", "time": 1734015975225, "isBuyerMaker": true, "isBestMatch": true}, {"id": 4259659869, "price": "101680.02000000", "qty": "0.00010000", "quoteQty": "10.16800200", "time": 1734015975225, "isBuyerMaker": true, "isBestMatch": true}, {"id": 4259659870, "price": "101680.02000000", "qty": "0.00006000", "quoteQty": "6.10080120", "time": 1734015975225, "isBuyerMaker": true, "isBestMatch": true}, {"id": 4259659871, "price": "101680.02000000", "qty": "0.00004000", "quoteQty": "4.06720080", "time": 1734015975225, "isBuyerMaker": true, "isBestMatch": true}, {"id": 4259659872, "price": "101680.01000000", "qty": "0.00010000", "quoteQty": "10.16800100", "time": 1734015975225, "isBuyerMaker": true, "isBestMatch": true}, {"id": 4259659873, "price": "101680.01000000", "qty": "0.00004000", "quoteQty": "4.06720040", "time": 1734015975225, "isBuyerMaker": true, "isBestMatch": true}, {"id": 4259659874, "price": "101680.01000000", "qty": "0.00004000", "quoteQty": "4.06720040", "time": 1734015975225, "isBuyerMaker": true, "isBestMatch": true}, {"id": 4259659875, "price": "101680.01000000", "qty": "0.00005000", "quoteQty": "5.08400050", "time": 1734015975225, "isBuyerMaker": true, "isBestMatch": true}, {"id": 4259659876, "price": "101680.01000000", "qty": "0.00005000", "quoteQty": "5.08400050", "time": 1734015975225, "isBuyerMaker": true, "isBestMatch": true}, {"id": 4259659877, "price": "101680.01000000", "qty": "0.00004000", "quoteQty": "4.06720040", "time": 1734015975225, "isBuyerMaker": true, "isBestMatch": true}, {"id": 4259659878, "price": "101680.01000000", "qty": "0.00006000", "quoteQty": "6.10080060", "time": 1734015975225, "isBuyerMaker": true, "isBestMatch": true}, {"id": 4259659879, "price": "101680.01000000", "qty": "0.00008000", "quoteQty": "8.13440080", "time": 1734015975225, "isBuyerMaker": true, "isBestMatch": true}, {"id": 4259659880, "price": "101680.01000000", "qty": "0.00004000", "quoteQty": "4.06720040", "time": 1734015975225, "isBuyerMaker": true, "isBestMatch": true}, {"id": 4259659881, "price": "101680.01000000", "qty": "0.00001000", "quoteQty": "1.01680010", "time": 1734015975225, "isBuyerMaker": true, "isBestMatch": true}, {"id": 4259659882, "price": "101680.01000000", "qty": "0.00005000", "quoteQty": "5.08400050", "time": 1734015975225, "isBuyerMaker": true, "isBestMatch": true}, {"id": 4259659883, "price": "101680.01000000", "qty": "0.00008000", "quoteQty": "8.13440080", "time": 1734015975225, "isBuyerMaker": true, "isBestMatch": true}, {"id": 4259659884, "price": "101680.01000000", "qty": "0.00004000", "quoteQty": "4.06720040", "time": 1734015975225, "isBuyerMaker": true, "isBestMatch": true}, {"id": 4259659885, "price": "101680.01000000", "qty": "0.00001000", "quoteQty": "1.01680010", "time": 1734015975225, "isBuyerMaker": true, "isBestMatch": true}, {"id": 4259659886, "price": "101680.01000000", "qty": "0.00005000", "quoteQty": "5.08400050", "time": 1734015975225, "isBuyerMaker": true, "isBestMatch": true}, {"id": 4259659887, "price": "101680.01000000", "qty": "0.00008000", "quoteQty": "8.13440080", "time": 1734015975225, "isBuyerMaker": true, "isBestMatch": true}, {"id": 4259659888, "price": "101680.01000000", "qty": "0.00004000", "quoteQty": "4.06720040", "time": 1734015975225, "isBuyerMaker": true, "isBestMatch": true}, {"id": 4259659889, "price": "101680.01000000", "qty": "0.00001000", "quoteQty": "1.01680010", "time": 1734015975225, "isBuyerMaker": true, "isBestMatch": true}, {"id": 4259659890, "price": "101680.01000000", "qty": "0.00005000", "quoteQty": "5.08400050", "time": 1734015975225, "isBuyerMaker": true, "isBestMatch": true}, {"id": 4259659891, "price": "101680.01000000", "qty": "0.00008000", "quoteQty": "8.13440080", "time": 1734015975225, "isBuyerMaker": true, "isBestMatch": true}, {"id": 4259659892, "price": "101680.01000000", "qty": "0.00004000", "quoteQty": "4.06720040", "time": 1734015975225, "isBuyerMaker": true, "isBestMatch": true}, {"id": 4259659893, "price": "101680.01000000", "qty": "0.00001000", "quoteQty": "1.01680010", "time": 1734015975225, "isBuyerMaker": true, "isBestMatch": true}, {"id": 4259659894, "price": "101680.01000000", "qty": "0.00005000", "quoteQty": "5.08400050", "time": 1734015975225, "isBuyerMaker": true, "isBestMatch": true}, {"id": 4259659895, "price": "101680.01000000", "qty": "0.00008000", "quoteQty": "8.13440080", "time": 1734015975225, "isBuyerMaker": true, "isBestMatch": true}, {"id": 4259659896, "price": "101680.01000000", "qty": "0.00004000", "quoteQty": "4.06720040", "time": 1734015975225, "isBuyerMaker": true, "isBestMatch": true}, {"id": 4259659897, "price": "101680.01000000", "qty": "0.00001000", "quoteQty": "1.01680010", "time": 1734015975225, "isBuyerMaker": true, "isBestMatch": true}, {"id": 4259659898, "price": "101680.01000000", "qty": "0.00005000", "quoteQty": "5.08400050", "time": 1734015975225, "isBuyerMaker": true, "isBestMatch": true}, {"id": 4259659899, "price": "101680.01000000", "qty": "0.00008000", "quoteQty": "8.13440080", "time": 1734015975225, "isBuyerMaker": true, "isBestMatch": true}, {"id": 4259659900, "price": "101680.01000000", "qty": "0.00004000", "quoteQty": "4.06720040", "time": 1734015975225, "isBuyerMaker": true, "isBestMatch": true}, {"id": 4259659901, "price": "101680.01000000", "qty": "0.00001000", "quoteQty": "1.01680010", "time": 1734015975225, "isBuyerMaker": true, "isBestMatch": true}, {"id": 4259659902, "price": "101680.01000000", "qty": "0.00005000", "quoteQty": "5.08400050", "time": 1734015975225, "isBuyerMaker": true, "isBestMatch": true}, {"id": 4259659903, "price": "101680.01000000", "qty": "0.00008000", "quoteQty": "8.13440080", "time": 1734015975225, "isBuyerMaker": true, "isBestMatch": true}, {"id": 4259659904, "price": "101680.01000000", "qty": "0.00004000", "quoteQty": "4.06720040", "time": 1734015975225, "isBuyerMaker": true, "isBestMatch": true}, {"id": 4259659905, "price": "101680.01000000", "qty": "0.00001000", "quoteQty": "1.01680010", "time": 1734015975225, "isBuyerMaker": true, "isBestMatch": true}, {"id": 4259659906, "price": "101680.01000000", "qty": "0.00005000", "quoteQty": "5.08400050", "time": 1734015975225, "isBuyerMaker": true, "isBestMatch": true}, {"id": 4259659907, "price": "101680.01000000", "qty": "0.00008000", "quoteQty": "8.13440080", "time": 1734015975225, "isBuyerMaker": true, "isBestMatch": true}, {"id": 4259659908, "price": "101680.01000000", "qty": "0.00004000", "quoteQty": "4.06720040", "time": 1734015975225, "isBuyerMaker": true, "isBestMatch": true}, {"id": 4259659909, "price": "101680.01000000", "qty": "0.00001000", "quoteQty": "1.01680010", "time": 1734015975225, "isBuyerMaker": true, "isBestMatch": true}, {"id": 4259659910, "price": "101680.01000000", "qty": "0.00005000", "quoteQty": "5.08400050", "time": 1734015975225, "isBuyerMaker": true, "isBestMatch": true}, {"id": 4259659911, "price": "101680.01000000", "qty": "0.00008000", "quoteQty": "8.13440080", "time": 1734015975225, "isBuyerMaker": true, "isBestMatch": true}, {"id": 4259659912, "price": "101680.01000000", "qty": "0.00004000", "quoteQty": "4.06720040", "time": 1734015975225, "isBuyerMaker": true, "isBestMatch": true}, {"id": 4259659913, "price": "101680.01000000", "qty": "0.00001000", "quoteQty": "1.01680010", "time": 1734015975225, "isBuyerMaker": true, "isBestMatch": true}, {"id": 4259659914, "price": "101680.01000000", "qty": "0.00005000", "quoteQty": "5.08400050", "time": 1734015975225, "isBuyerMaker": true, "isBestMatch": true}, {"id": 4259659915, "price": "101680.00000000", "qty": "0.00012000", "quoteQty": "12.20160000", "time": 1734015975225, "isBuyerMaker": true, "isBestMatch": true}, {"id": 4259659916, "price": "101680.01000000", "qty": "0.00014000", "quoteQty": "14.23520140", "time": 1734015975256, "isBuyerMaker": false, "isBestMatch": true}, {"id": 4259659917, "price": "101680.00000000", "qty": "0.01955000", "quoteQty": "1987.84400000", "time": 1734015975256, "isBuyerMaker": true, "isBestMatch": true}, {"id": 4259659918, "price": "101680.00000000", "qty": "0.00010000", "quoteQty": "10.16800000", "time": 1734015975256, "isBuyerMaker": true, "isBestMatch": true}, {"id": 4259659919, "price": "101680.00000000", "qty": "0.02070000", "quoteQty": "2104.77600000", "time": 1734015975256, "isBuyerMaker": true, "isBestMatch": true}, {"id": 4259659920, "price": "101680.00000000", "qty": "0.00010000", "quoteQty": "10.16800000", "time": 1734015975256, "isBuyerMaker": true, "isBestMatch": true}, {"id": 4259659921, "price": "101679.08000000", "qty": "0.00010000", "quoteQty": "10.16790800", "time": 1734015975256, "isBuyerMaker": true, "isBestMatch": true}, {"id": 4259659922, "price": "101679.08000000", "qty": "0.00010000", "quoteQty": "10.16790800", "time": 1734015975256, "isBuyerMaker": true, "isBestMatch": true}, {"id": 4259659923, "price": "101678.45000000", "qty": "0.00022000", "quoteQty": "22.36925900", "time": 1734015975256, "isBuyerMaker": true, "isBestMatch": true}, {"id": 4259659924, "price": "101678.45000000", "qty": "0.00010000", "quoteQty": "10.16784500", "time": 1734015975256, "isBuyerMaker": true, "isBestMatch": true}, {"id": 4259659925, "price": "101678.45000000", "qty": "0.00010000", "quoteQty": "10.16784500", "time": 1734015975256, "isBuyerMaker": true, "isBestMatch": true}, {"id": 4259659926, "price": "101678.20000000", "qty": "0.00010000", "quoteQty": "10.16782000", "time": 1734015975256, "isBuyerMaker": true, "isBestMatch": true}, {"id": 4259659927, "price": "101678.09000000", "qty": "0.00010000", "quoteQty": "10.16780900", "time": 1734015975256, "isBuyerMaker": true, "isBestMatch": true}, {"id": 4259659928, "price": "101678.09000000", "qty": "0.00006000", "quoteQty": "6.10068540", "time": 1734015975256, "isBuyerMaker": true, "isBestMatch": true}, {"id": 4259659929, "price": "101678.09000000", "qty": "0.00022000", "quoteQty": "22.36917980", "time": 1734015975256, "isBuyerMaker": true, "isBestMatch": true}, {"id": 4259659930, "price": "101678.09000000", "qty": "0.00010000", "quoteQty": "10.16780900", "time": 1734015975256, "isBuyerMaker": true, "isBestMatch": true}, {"id": 4259659931, "price": "101678.09000000", "qty": "0.00006000", "quoteQty": "6.10068540", "time": 1734015975256, "isBuyerMaker": true, "isBestMatch": true}, {"id": 4259659932, "price": "101678.09000000", "qty": "0.00006000", "quoteQty": "6.10068540", "time": 1734015975256, "isBuyerMaker": true, "isBestMatch": true}, {"id": 4259659933, "price": "101678.09000000", "qty": "0.00006000", "quoteQty": "6.10068540", "time": 1734015975256, "isBuyerMaker": true, "isBestMatch": true}, {"id": 4259659934, "price": "101678.09000000", "qty": "0.00006000", "quoteQty": "6.10068540", "time": 1734015975256, "isBuyerMaker": true, "isBestMatch": true}, {"id": 4259659935, "price": "101678.09000000", "qty": "0.00006000", "quoteQty": "6.10068540", "time": 1734015975256, "isBuyerMaker": true, "isBestMatch": true}, {"id": 4259659936, "price": "101678.09000000", "qty": "0.00006000", "quoteQty": "6.10068540", "time": 1734015975256, "isBuyerMaker": true, "isBestMatch": true}, {"id": 4259659937, "price": "101678.09000000", "qty": "0.00006000", "quoteQty": "6.10068540", "time": 1734015975256, "isBuyerMaker": true, "isBestMatch": true}, {"id": 4259659938, "price": "101678.09000000", "qty": "0.00006000", "quoteQty": "6.10068540", "time": 1734015975256, "isBuyerMaker": true, "isBestMatch": true}, {"id": 4259659939, "price": "101678.09000000", "qty": "0.00006000", "quoteQty": "6.10068540", "time": 1734015975256, "isBuyerMaker": true, "isBestMatch": true}, {"id": 4259659940, "price": "101678.08000000", "qty": "0.00008000", "quoteQty": "8.13424640", "time": 1734015975256, "isBuyerMaker": true, "isBestMatch": true}, {"id": 4259659941, "price": "101678.08000000", "qty": "0.00010000", "quoteQty": "10.16780800", "time": 1734015975256, "isBuyerMaker": true, "isBestMatch": true}, {"id": 4259659942, "price": "101678.08000000", "qty": "0.00008000", "quoteQty": "8.13424640", "time": 1734015975256, "isBuyerMaker": true, "isBestMatch": true}, {"id": 4259659943, "price": "101678.08000000", "qty": "0.00010000", "quoteQty": "10.16780800", "time": 1734015975256, "isBuyerMaker": true, "isBestMatch": true}, {"id": 4259659944, "price": "101678.08000000", "qty": "0.00008000", "quoteQty": "8.13424640", "time": 1734015975256, "isBuyerMaker": true, "isBestMatch": true}, {"id": 4259659945, "price": "101678.08000000", "qty": "0.00008000", "quoteQty": "8.13424640", "time": 1734015975256, "isBuyerMaker": true, "isBestMatch": true}, {"id": 4259659946, "price": "101678.08000000", "qty": "0.00008000", "quoteQty": "8.13424640", "time": 1734015975256, "isBuyerMaker": true, "isBestMatch": true}, {"id": 4259659947, "price": "101678.08000000", "qty": "0.00008000", "quoteQty": "8.13424640", "time": 1734015975256, "isBuyerMaker": true, "isBestMatch": true}, {"id": 4259659948, "price": "101678.08000000", "qty": "0.00008000", "quoteQty": "8.13424640", "time": 1734015975256, "isBuyerMaker": true, "isBestMatch": true}, {"id": 4259659949, "price": "101678.08000000", "qty": "0.00008000", "quoteQty": "8.13424640", "time": 1734015975256, "isBuyerMaker": true, "isBestMatch": true}, {"id": 4259659950, "price": "101678.08000000", "qty": "0.00008000", "quoteQty": "8.13424640", "time": 1734015975256, "isBuyerMaker": true, "isBestMatch": true}, {"id": 4259659951, "price": "101678.08000000", "qty": "0.00008000", "quoteQty": "8.13424640", "time": 1734015975256, "isBuyerMaker": true, "isBestMatch": true}, {"id": 4259659952, "price": "101678.08000000", "qty": "0.00014000", "quoteQty": "14.23493120", "time": 1734015975257, "isBuyerMaker": false, "isBestMatch": true}, {"id": 4259659953, "price": "101678.08000000", "qty": "0.00014000", "quoteQty": "14.23493120", "time": 1734015975257, "isBuyerMaker": false, "isBestMatch": true}, {"id": 4259659954, "price": "101678.08000000", "qty": "0.00014000", "quoteQty": "14.23493120", "time": 1734015975257, "isBuyerMaker": false, "isBestMatch": true}, {"id": 4259659955, "price": "101678.08000000", "qty": "0.00014000", "quoteQty": "14.23493120", "time": 1734015975257, "isBuyerMaker": false, "isBestMatch": true}, {"id": 4259659956, "price": "101678.08000000", "qty": "0.00160000", "quoteQty": "162.68492800", "time": 1734015975259, "isBuyerMaker": false, "isBestMatch": true}, {"id": 4259659957, "price": "101678.07000000", "qty": "0.00010000", "quoteQty": "10.16780700", "time": 1734015975259, "isBuyerMaker": true, "isBestMatch": true}, {"id": 4259659958, "price": "101678.07000000", "qty": "0.00010000", "quoteQty": "10.16780700", "time": 1734015975259, "isBuyerMaker": true, "isBestMatch": true}, {"id": 4259659959, "price": "101677.67000000", "qty": "0.00010000", "quoteQty": "10.16776700", "time": 1734015975259, "isBuyerMaker": true, "isBestMatch": true}, {"id": 4259659960, "price": "101677.67000000", "qty": "0.00010000", "quoteQty": "10.16776700", "time": 1734015975259, "isBuyerMaker": true, "isBestMatch": true}, {"id": 4259659961, "price": "101677.38000000", "qty": "0.00011000", "quoteQty": "11.18451180", "time": 1734015975259, "isBuyerMaker": true, "isBestMatch": true}, {"id": 4259659962, "price": "101676.93000000", "qty": "0.00005000", "quoteQty": "5.08384650", "time": 1734015975259, "isBuyerMaker": true, "isBestMatch": true}, {"id": 4259659963, "price": "101676.93000000", "qty": "0.00005000", "quoteQty": "5.08384650", "time": 1734015975259, "isBuyerMaker": true, "isBestMatch": true}, {"id": 4259659964, "price": "101676.93000000", "qty": "0.00005000", "quoteQty": "5.08384650", "time": 1734015975259, "isBuyerMaker": true, "isBestMatch": true}, {"id": 4259659965, "price": "101676.93000000", "qty": "0.00005000", "quoteQty": "5.08384650", "time": 1734015975259, "isBuyerMaker": true, "isBestMatch": true}, {"id": 4259659966, "price": "101676.93000000", "qty": "0.00005000", "quoteQty": "5.08384650", "time": 1734015975259, "isBuyerMaker": true, "isBestMatch": true}, {"id": 4259659967, "price": "101676.93000000", "qty": "0.00005000", "quoteQty": "5.08384650", "time": 1734015975259, "isBuyerMaker": true, "isBestMatch": true}, {"id": 4259659968, "price": "101676.93000000", "qty": "0.00005000", "quoteQty": "5.08384650", "time": 1734015975259, "isBuyerMaker": true, "isBestMatch": true}, {"id": 4259659969, "price": "101676.93000000", "qty": "0.00005000", "quoteQty": "5.08384650", "time": 1734015975259, "isBuyerMaker": true, "isBestMatch": true}, {"id": 4259659970, "price": "101676.93000000", "qty": "0.00005000", "quoteQty": "5.08384650", "time": 1734015975259, "isBuyerMaker": true, "isBestMatch": true}, {"id": 4259659971, "price": "101676.93000000", "qty": "0.00005000", "quoteQty": "5.08384650", "time": 1734015975259, "isBuyerMaker": true, "isBestMatch": true}, {"id": 4259659972, "price": "101676.92000000", "qty": "0.00005000", "quoteQty": "5.08384600", "time": 1734015975259, "isBuyerMaker": true, "isBestMatch": true}, {"id": 4259659973, "price": "101676.92000000", "qty": "0.00005000", "quoteQty": "5.08384600", "time": 1734015975259, "isBuyerMaker": true, "isBestMatch": true}, {"id": 4259659974, "price": "101676.92000000", "qty": "0.00005000", "quoteQty": "5.08384600", "time": 1734015975259, "isBuyerMaker": true, "isBestMatch": true}, {"id": 4259659975, "price": "101676.92000000", "qty": "0.00005000", "quoteQty": "5.08384600", "time": 1734015975259, "isBuyerMaker": true, "isBestMatch": true}, {"id": 4259659976, "price": "101676.92000000", "qty": "0.00005000", "quoteQty": "5.08384600", "time": 1734015975259, "isBuyerMaker": true, "isBestMatch": true}, {"id": 4259659977, "price": "101676.92000000", "qty": "0.00005000", "quoteQty": "5.08384600", "time": 1734015975259, "isBuyerMaker": true, "isBestMatch": true}, {"id": 4259659978, "price": "101676.92000000", "qty": "0.00005000", "quoteQty": "5.08384600", "time": 1734015975259, "isBuyerMaker": true, "isBestMatch": true}, {"id": 4259659979, "price": "101676.92000000", "qty": "0.00005000", "quoteQty": "5.08384600", "time": 1734015975259, "isBuyerMaker": true, "isBestMatch": true}, {"id": 4259659980, "price": "101676.92000000", "qty": "0.00005000", "quoteQty": "5.08384600", "time": 1734015975259, "isBuyerMaker": true, "isBestMatch": true}, {"id": 4259659981, "price": "101676.92000000", "qty": "0.00005000", "quoteQty": "5.08384600", "time": 1734015975259, "isBuyerMaker": true, "isBestMatch": true}, {"id": 4259659982, "price": "101676.91000000", "qty": "0.00010000", "quoteQty": "10.16769100", "time": 1734015975259, "isBuyerMaker": true, "isBestMatch": true}, {"id": 4259659983, "price": "101676.91000000", "qty": "0.00010000", "quoteQty": "10.16769100", "time": 1734015975259, "isBuyerMaker": true, "isBestMatch": true}, {"id": 4259659984, "price": "101676.03000000", "qty": "0.00006000", "quoteQty": "6.10056180", "time": 1734015975259, "isBuyerMaker": true, "isBestMatch": true}, {"id": 4259659985, "price": "101676.03000000", "qty": "0.00006000", "quoteQty": "6.10056180", "time": 1734015975259, "isBuyerMaker": true, "isBestMatch": true}, {"id": 4259659986, "price": "101676.03000000", "qty": "0.00006000", "quoteQty": "6.10056180", "time": 1734015975259, "isBuyerMaker": true, "isBestMatch": true}, {"id": 4259659987, "price": "101676.03000000", "qty": "0.00006000", "quoteQty": "6.10056180", "time": 1734015975259, "isBuyerMaker": true, "isBestMatch": true}, {"id": 4259659988, "price": "101676.03000000", "qty": "0.00006000", "quoteQty": "6.10056180", "time": 1734015975259, "isBuyerMaker": true, "isBestMatch": true}, {"id": 4259659989, "price": "101676.03000000", "qty": "0.00006000", "quoteQty": "6.10056180", "time": 1734015975259, "isBuyerMaker": true, "isBestMatch": true}, {"id": 4259659990, "price": "101676.03000000", "qty": "0.00006000", "quoteQty": "6.10056180", "time": 1734015975259, "isBuyerMaker": true, "isBestMatch": true}, {"id": 4259659991, "price": "101676.03000000", "qty": "0.00006000", "quoteQty": "6.10056180", "time": 1734015975259, "isBuyerMaker": true, "isBestMatch": true}, {"id": 4259659992, "price": "101676.03000000", "qty": "0.00006000", "quoteQty": "6.10056180", "time": 1734015975259, "isBuyerMaker": true, "isBestMatch": true}, {"id": 4259659993, "price": "101676.03000000", "qty": "0.00006000", "quoteQty": "6.10056180", "time": 1734015975259, "isBuyerMaker": true, "isBestMatch": true}, {"id": 4259659994, "price": "101676.02000000", "qty": "0.00010000", "quoteQty": "10.16760200", "time": 1734015975259, "isBuyerMaker": true, "isBestMatch": true}, {"id": 4259659995, "price": "101676.02000000", "qty": "0.00025000", "quoteQty": "25.41900500", "time": 1734015975259, "isBuyerMaker": true, "isBestMatch": true}, {"id": 4259659996, "price": "101676.02000000", "qty": "0.00102000", "quoteQty": "103.70954040", "time": 1734015975259, "isBuyerMaker": true, "isBestMatch": true}, {"id": 4259659997, "price": "101676.02000000", "qty": "0.00006000", "quoteQty": "6.10056120", "time": 1734015975259, "isBuyerMaker": true, "isBestMatch": true}, {"id": 4259659998, "price": "101676.02000000", "qty": "0.00010000", "quoteQty": "10.16760200", "time": 1734015975259, "isBuyerMaker": true, "isBestMatch": true}, {"id": 4259659999, "price": "101676.02000000", "qty": "0.00006000", "quoteQty": "6.10056120", "time": 1734015975259, "isBuyerMaker": true, "isBestMatch": true}, {"id": 4259660000, "price": "101676.02000000", "qty": "0.00006000", "quoteQty": "6.10056120", "time": 1734015975259, "isBuyerMaker": true, "isBestMatch": true}, {"id": 4259660001, "price": "101676.02000000", "qty": "0.00006000", "quoteQty": "6.10056120", "time": 1734015975259, "isBuyerMaker": true, "isBestMatch": true}, {"id": 4259660002, "price": "101676.02000000", "qty": "0.00006000", "quoteQty": "6.10056120", "time": 1734015975259, "isBuyerMaker": true, "isBestMatch": true}, {"id": 4259660003, "price": "101676.02000000", "qty": "0.00006000", "quoteQty": "6.10056120", "time": 1734015975259, "isBuyerMaker": true, "isBestMatch": true}, {"id": 4259660004, "price": "101676.02000000", "qty": "0.00006000", "quoteQty": "6.10056120", "time": 1734015975259, "isBuyerMaker": true, "isBestMatch": true}, {"id": 4259660005, "price": "101676.02000000", "qty": "0.00006000", "quoteQty": "6.10056120", "time": 1734015975259, "isBuyerMaker": true, "isBestMatch": true}, {"id": 4259660006, "price": "101676.02000000", "qty": "0.00006000", "quoteQty": "6.10056120", "time": 1734015975259, "isBuyerMaker": true, "isBestMatch": true}, {"id": 4259660007, "price": "101676.02000000", "qty": "0.00006000", "quoteQty": "6.10056120", "time": 1734015975259, "isBuyerMaker": true, "isBestMatch": true}, {"id": 4259660008, "price": "101676.01000000", "qty": "0.00010000", "quoteQty": "10.16760100", "time": 1734015975259, "isBuyerMaker": true, "isBestMatch": true}, {"id": 4259660009, "price": "101676.01000000", "qty": "0.00005000", "quoteQty": "5.08380050", "time": 1734015975259, "isBuyerMaker": true, "isBestMatch": true}, {"id": 4259660010, "price": "101676.01000000", "qty": "0.00005000", "quoteQty": "5.08380050", "time": 1734015975259, "isBuyerMaker": true, "isBestMatch": true}, {"id": 4259660011, "price": "101676.01000000", "qty": "0.00010000", "quoteQty": "10.16760100", "time": 1734015975259, "isBuyerMaker": true, "isBestMatch": true}, {"id": 4259660012, "price": "101676.01000000", "qty": "0.00005000", "quoteQty": "5.08380050", "time": 1734015975259, "isBuyerMaker": true, "isBestMatch": true}, {"id": 4259660013, "price": "101676.01000000", "qty": "0.00005000", "quoteQty": "5.08380050", "time": 1734015975259, "isBuyerMaker": true, "isBestMatch": true}, {"id": 4259660014, "price": "101676.01000000", "qty": "0.00005000", "quoteQty": "5.08380050", "time": 1734015975259, "isBuyerMaker": true, "isBestMatch": true}, {"id": 4259660015, "price": "101676.01000000", "qty": "0.00005000", "quoteQty": "5.08380050", "time": 1734015975259, "isBuyerMaker": true, "isBestMatch": true}, {"id": 4259660016, "price": "101676.01000000", "qty": "0.00005000", "quoteQty": "5.08380050", "time": 1734015975259, "isBuyerMaker": true, "isBestMatch": true}, {"id": 4259660017, "price": "101676.01000000", "qty": "0.00005000", "quoteQty": "5.08380050", "time": 1734015975259, "isBuyerMaker": true, "isBestMatch": true}, {"id": 4259660018, "price": "101676.01000000", "qty": "0.00005000", "quoteQty": "5.08380050", "time": 1734015975259, "isBuyerMaker": true, "isBestMatch": true}, {"id": 4259660019, "price": "101676.01000000", "qty": "0.00005000", "quoteQty": "5.08380050", "time": 1734015975259, "isBuyerMaker": true, "isBestMatch": true}, {"id": 4259660020, "price": "101676.01000000", "qty": "0.00005000", "quoteQty": "5.08380050", "time": 1734015975259, "isBuyerMaker": true, "isBestMatch": true}, {"id": 4259660021, "price": "101676.01000000", "qty": "0.00005000", "quoteQty": "5.08380050", "time": 1734015975259, "isBuyerMaker": true, "isBestMatch": true}, {"id": 4259660022, "price": "101676.01000000", "qty": "0.00005000", "quoteQty": "5.08380050", "time": 1734015975259, "isBuyerMaker": true, "isBestMatch": true}, {"id": 4259660023, "price": "101676.01000000", "qty": "0.00005000", "quoteQty": "5.08380050", "time": 1734015975259, "isBuyerMaker": true, "isBestMatch": true}, {"id": 4259660024, "price": "101676.01000000", "qty": "0.00004000", "quoteQty": "4.06704040", "time": 1734015975259, "isBuyerMaker": true, "isBestMatch": true}, {"id": 4259660025, "price": "101676.01000000", "qty": "0.00005000", "quoteQty": "5.08380050", "time": 1734015975261, "isBuyerMaker": true, "isBestMatch": true}, {"id": 4259660026, "price": "101676.01000000", "qty": "0.00005000", "quoteQty": "5.08380050", "time": 1734015975261, "isBuyerMaker": true, "isBestMatch": true}, {"id": 4259660027, "price": "101676.01000000", "qty": "0.00005000", "quoteQty": "5.08380050", "time": 1734015975261, "isBuyerMaker": true, "isBestMatch": true}, {"id": 4259660028, "price": "101676.01000000", "qty": "0.00005000", "quoteQty": "5.08380050", "time": 1734015975261, "isBuyerMaker": true, "isBestMatch": true}, {"id": 4259660029, "price": "101676.01000000", "qty": "0.00005000", "quoteQty": "5.08380050", "time": 1734015975261, "isBuyerMaker": true, "isBestMatch": true}, {"id": 4259660030, "price": "101676.01000000", "qty": "0.00005000", "quoteQty": "5.08380050", "time": 1734015975261, "isBuyerMaker": true, "isBestMatch": true}, {"id": 4259660031, "price": "101676.01000000", "qty": "0.00005000", "quoteQty": "5.08380050", "time": 1734015975261, "isBuyerMaker": true, "isBestMatch": true}, {"id": 4259660032, "price": "101676.01000000", "qty": "0.00005000", "quoteQty": "5.08380050", "time": 1734015975261, "isBuyerMaker": true, "isBestMatch": true}, {"id": 4259660033, "price": "101676.01000000", "qty": "0.00005000", "quoteQty": "5.08380050", "time": 1734015975261, "isBuyerMaker": true, "isBestMatch": true}, {"id": 4259660034, "price": "101676.01000000", "qty": "0.00005000", "quoteQty": "5.08380050", "time": 1734015975261, "isBuyerMaker": true, "isBestMatch": true}, {"id": 4259660035, "price": "101676.01000000", "qty": "0.00005000", "quoteQty": "5.08380050", "time": 1734015975261, "isBuyerMaker": true, "isBestMatch": true}, {"id": 4259660036, "price": "101676.01000000", "qty": "0.00005000", "quoteQty": "5.08380050", "time": 1734015975261, "isBuyerMaker": true, "isBestMatch": true}, {"id": 4259660037, "price": "101676.01000000", "qty": "0.00005000", "quoteQty": "5.08380050", "time": 1734015975261, "isBuyerMaker": true, "isBestMatch": true}, {"id": 4259660038, "price": "101676.00000000", "qty": "0.00201000", "quoteQty": "204.36876000", "time": 1734015975261, "isBuyerMaker": true, "isBestMatch": true}, {"id": 4259660039, "price": "101676.00000000", "qty": "0.00018000", "quoteQty": "18.30168000", "time": 1734015975262, "isBuyerMaker": true, "isBestMatch": true}, {"id": 4259660040, "price": "101676.01000000", "qty": "0.00240000", "quoteQty": "244.02242400", "time": 1734015975263, "isBuyerMaker": false, "isBestMatch": true}, {"id": 4259660041, "price": "101676.01000000", "qty": "0.00200000", "quoteQty": "203.35202000", "time": 1734015975337, "isBuyerMaker": false, "isBestMatch": true}, {"id": 4259660042, "price": "101676.01000000", "qty": "0.00200000", "quoteQty": "203.35202000", "time": 1734015975349, "isBuyerMaker": false, "isBestMatch": true}, {"id": 4259660043, "price": "101676.00000000", "qty": "0.00005000", "quoteQty": "5.08380000", "time": 1734015975554, "isBuyerMaker": true, "isBestMatch": true}, {"id": 4259660044, "price": "101676.01000000", "qty": "0.00131000", "quoteQty": "133.19557310", "time": 1734015975791, "isBuyerMaker": false, "isBestMatch": true}, {"id": 4259660045, "price": "101676.00000000", "qty": "0.00005000", "quoteQty": "5.08380000", "time": 1734015975807, "isBuyerMaker": true, "isBestMatch": true}, {"id": 4259660046, "price": "101676.00000000", "qty": "0.00184000", "quoteQty": "187.08384000", "time": 1734015975807, "isBuyerMaker": true, "isBestMatch": true}, {"id": 4259660047, "price": "101676.00000000", "qty": "0.01051000", "quoteQty": "1068.61476000", "time": 1734015976075, "isBuyerMaker": true, "isBestMatch": true}, {"id": 4259660048, "price": "101676.00000000", "qty": "0.00009000", "quoteQty": "9.15084000", "time": 1734015976076, "isBuyerMaker": true, "isBestMatch": true}, {"id": 4259660049, "price": "101676.00000000", "qty": "0.00009000", "quoteQty": "9.15084000", "time": 1734015976076, "isBuyerMaker": true, "isBestMatch": true}, {"id": 4259660050, "price": "101676.00000000", "qty": "0.00001000", "quoteQty": "1.01676000", "time": 1734015976076, "isBuyerMaker": true, "isBestMatch": true}, {"id": 4259660051, "price": "101676.00000000", "qty": "0.00010000", "quoteQty": "10.16760000", "time": 1734015976076, "isBuyerMaker": true, "isBestMatch": true}, {"id": 4259660052, "price": "101676.00000000", "qty": "0.00007000", "quoteQty": "7.11732000", "time": 1734015976076, "isBuyerMaker": true, "isBestMatch": true}, {"id": 4259660053, "price": "101676.00000000", "qty": "0.00003000", "quoteQty": "3.05028000", "time": 1734015976077, "isBuyerMaker": true, "isBestMatch": true}, {"id": 4259660054, "price": "101676.00000000", "qty": "0.00010000", "quoteQty": "10.16760000", "time": 1734015976077, "isBuyerMaker": true, "isBestMatch": true}, {"id": 4259660055, "price": "101676.00000000", "qty": "0.00005000", "quoteQty": "5.08380000", "time": 1734015976077, "isBuyerMaker": true, "isBestMatch": true}, {"id": 4259660056, "price": "101676.00000000", "qty": "0.00001000", "quoteQty": "1.01676000", "time": 1734015976077, "isBuyerMaker": true, "isBestMatch": true}, {"id": 4259660057, "price": "101675.96000000", "qty": "0.00006000", "quoteQty": "6.10055760", "time": 1734015976077, "isBuyerMaker": true, "isBestMatch": true}, {"id": 4259660058, "price": "101675.96000000", "qty": "0.00010000", "quoteQty": "10.16759600", "time": 1734015976077, "isBuyerMaker": true, "isBestMatch": true}, {"id": 4259660059, "price": "101675.96000000", "qty": "0.00001000", "quoteQty": "1.01675960", "time": 1734015976077, "isBuyerMaker": true, "isBestMatch": true}, {"id": 4259660060, "price": "101675.96000000", "qty": "0.00009000", "quoteQty": "9.15083640", "time": 1734015976077, "isBuyerMaker": true, "isBestMatch": true}, {"id": 4259660061, "price": "101675.63000000", "qty": "0.00009000", "quoteQty": "9.15080670", "time": 1734015976077, "isBuyerMaker": true, "isBestMatch": true}, {"id": 4259660062, "price": "101675.63000000", "qty": "0.00001000", "quoteQty": "1.01675630", "time": 1734015976077, "isBuyerMaker": true, "isBestMatch": true}, {"id": 4259660063, "price": "101675.63000000", "qty": "0.00010000", "quoteQty": "10.16756300", "time": 1734015976077, "isBuyerMaker": true, "isBestMatch": true}, {"id": 4259660064, "price": "101675.62000000", "qty": "0.00007000", "quoteQty": "7.11729340", "time": 1734015976077, "isBuyerMaker": true, "isBestMatch": true}, {"id": 4259660065, "price": "101675.62000000", "qty": "0.00003000", "quoteQty": "3.05026860", "time": 1734015976077, "isBuyerMaker": true, "isBestMatch": true}, {"id": 4259660066, "price": "101675.62000000", "qty": "0.00005000", "quoteQty": "5.08378100", "time": 1734015976077, "isBuyerMaker": true, "isBestMatch": true}, {"id": 4259660067, "price": "101675.62000000", "qty": "0.00005000", "quoteQty": "5.08378100", "time": 1734015976077, "isBuyerMaker": true, "isBestMatch": true}, {"id": 4259660068, "price": "101675.62000000", "qty": "0.00010000", "quoteQty": "10.16756200", "time": 1734015976077, "isBuyerMaker": true, "isBestMatch": true}, {"id": 4259660069, "price": "101675.62000000", "qty": "0.00005000", "quoteQty": "5.08378100", "time": 1734015976077, "isBuyerMaker": true, "isBestMatch": true}, {"id": 4259660070, "price": "101675.62000000", "qty": "0.00005000", "quoteQty": "5.08378100", "time": 1734015976077, "isBuyerMaker": true, "isBestMatch": true}, {"id": 4259660071, "price": "101675.62000000", "qty": "0.00005000", "quoteQty": "5.08378100", "time": 1734015976077, "isBuyerMaker": true, "isBestMatch": true}, {"id": 4259660072, "price": "101675.62000000", "qty": "0.00005000", "quoteQty": "5.08378100", "time": 1734015976077, "isBuyerMaker": true, "isBestMatch": true}, {"id": 4259660073, "price": "101675.62000000", "qty": "0.00005000", "quoteQty": "5.08378100", "time": 1734015976077, "isBuyerMaker": true, "isBestMatch": true}, {"id": 4259660074, "price": "101675.62000000", "qty": "0.00005000", "quoteQty": "5.08378100", "time": 1734015976077, "isBuyerMaker": true, "isBestMatch": true}, {"id": 4259660075, "price": "101675.62000000", "qty": "0.00005000", "quoteQty": "5.08378100", "time": 1734015976077, "isBuyerMaker": true, "isBestMatch": true}, {"id": 4259660076, "price": "101675.62000000", "qty": "0.00005000", "quoteQty": "5.08378100", "time": 1734015976077, "isBuyerMaker": true, "isBestMatch": true}, {"id": 4259660077, "price": "101675.62000000", "qty": "0.00005000", "quoteQty": "5.08378100", "time": 1734015976077, "isBuyerMaker": true, "isBestMatch": true}, {"id": 4259660078, "price": "101675.62000000", "qty": "0.00005000", "quoteQty": "5.08378100", "time": 1734015976077, "isBuyerMaker": true, "isBestMatch": true}, {"id": 4259660079, "price": "101675.62000000", "qty": "0.00005000", "quoteQty": "5.08378100", "time": 1734015976077, "isBuyerMaker": true, "isBestMatch": true}, {"id": 4259660080, "price": "101675.62000000", "qty": "0.00005000", "quoteQty": "5.08378100", "time": 1734015976077, "isBuyerMaker": true, "isBestMatch": true}, {"id": 4259660081, "price": "101675.62000000", "qty": "0.00005000", "quoteQty": "5.08378100", "time": 1734015976077, "isBuyerMaker": true, "isBestMatch": true}, {"id": 4259660082, "price": "101675.62000000", "qty": "0.00005000", "quoteQty": "5.08378100", "time": 1734015976077, "isBuyerMaker": true, "isBestMatch": true}, {"id": 4259660083, "price": "101675.62000000", "qty": "0.00005000", "quoteQty": "5.08378100", "time": 1734015976077, "isBuyerMaker": true, "isBestMatch": true}, {"id": 4259660084, "price": "101675.62000000", "qty": "0.00005000", "quoteQty": "5.08378100", "time": 1734015976077, "isBuyerMaker": true, "isBestMatch": true}, {"id": 4259660085, "price": "101675.62000000", "qty": "0.00005000", "quoteQty": "5.08378100", "time": 1734015976077, "isBuyerMaker": true, "isBestMatch": true}, {"id": 4259660086, "price": "101675.62000000", "qty": "0.00005000", "quoteQty": "5.08378100", "time": 1734015976077, "isBuyerMaker": true, "isBestMatch": true}, {"id": 4259660087, "price": "101675.61000000", "qty": "0.00010000", "quoteQty": "10.16756100", "time": 1734015976077, "isBuyerMaker": true, "isBestMatch": true}, {"id": 4259660088, "price": "101675.61000000", "qty": "0.00010000", "quoteQty": "10.16756100", "time": 1734015976077, "isBuyerMaker": true, "isBestMatch": true}, {"id": 4259660089, "price": "101675.35000000", "qty": "0.00022000", "quoteQty": "22.36857700", "time": 1734015976079, "isBuyerMaker": true, "isBestMatch": true}, {"id": 4259660090, "price": "101675.35000000", "qty": "0.00010000", "quoteQty": "10.16753500", "time": 1734015976079, "isBuyerMaker": true, "isBestMatch": true}, {"id": 4259660091, "price": "101675.35000000", "qty": "0.00010000", "quoteQty": "10.16753500", "time": 1734015976079, "isBuyerMaker": true, "isBestMatch": true}, {"id": 4259660092, "price": "101675.15000000", "qty": "0.00010000", "quoteQty": "10.16751500", "time": 1734015976079, "isBuyerMaker": true, "isBestMatch": true}, {"id": 4259660093, "price": "101675.15000000", "qty": "0.00010000", "quoteQty": "10.16751500", "time": 1734015976079, "isBuyerMaker": true, "isBestMatch": true}, {"id": 4259660094, "price": "101674.96000000", "qty": "0.00010000", "quoteQty": "10.16749600", "time": 1734015976079, "isBuyerMaker": true, "isBestMatch": true}, {"id": 4259660095, "price": "101674.96000000", "qty": "0.00010000", "quoteQty": "10.16749600", "time": 1734015976079, "isBuyerMaker": true, "isBestMatch": true}, {"id": 4259660096, "price": "101673.90000000", "qty": "0.00010000", "quoteQty": "10.16739000", "time": 1734015976079, "isBuyerMaker": true, "isBestMatch": true}, {"id": 4259660097, "price": "101673.90000000", "qty": "0.00005000", "quoteQty": "5.08369500", "time": 1734015976079, "isBuyerMaker": true, "isBestMatch": true}, {"id": 4259660098, "price": "101673.90000000", "qty": "0.00010000", "quoteQty": "10.16739000", "time": 1734015976079, "isBuyerMaker": true, "isBestMatch": true}, {"id": 4259660099, "price": "101673.90000000", "qty": "0.00005000", "quoteQty": "5.08369500", "time": 1734015976079, "isBuyerMaker": true, "isBestMatch": true}, {"id": 4259660100, "price": "101673.90000000", "qty": "0.00005000", "quoteQty": "5.08369500", "time": 1734015976079, "isBuyerMaker": true, "isBestMatch": true}, {"id": 4259660101, "price": "101673.90000000", "qty": "0.00005000", "quoteQty": "5.08369500", "time": 1734015976079, "isBuyerMaker": true, "isBestMatch": true}, {"id": 4259660102, "price": "101673.90000000", "qty": "0.00005000", "quoteQty": "5.08369500", "time": 1734015976079, "isBuyerMaker": true, "isBestMatch": true}, {"id": 4259660103, "price": "101673.90000000", "qty": "0.00005000", "quoteQty": "5.08369500", "time": 1734015976079, "isBuyerMaker": true, "isBestMatch": true}, {"id": 4259660104, "price": "101673.90000000", "qty": "0.00005000", "quoteQty": "5.08369500", "time": 1734015976079, "isBuyerMaker": true, "isBestMatch": true}, {"id": 4259660105, "price": "101673.90000000", "qty": "0.00005000", "quoteQty": "5.08369500", "time": 1734015976079, "isBuyerMaker": true, "isBestMatch": true}, {"id": 4259660106, "price": "101673.90000000", "qty": "0.00005000", "quoteQty": "5.08369500", "time": 1734015976079, "isBuyerMaker": true, "isBestMatch": true}, {"id": 4259660107, "price": "101673.90000000", "qty": "0.00005000", "quoteQty": "5.08369500", "time": 1734015976079, "isBuyerMaker": true, "isBestMatch": true}, {"id": 4259660108, "price": "101673.89000000", "qty": "0.00010000", "quoteQty": "10.16738900", "time": 1734015976079, "isBuyerMaker": true, "isBestMatch": true}, {"id": 4259660109, "price": "101673.89000000", "qty": "0.00005000", "quoteQty": "5.08369450", "time": 1734015976079, "isBuyerMaker": true, "isBestMatch": true}, {"id": 4259660110, "price": "101673.89000000", "qty": "0.00010000", "quoteQty": "10.16738900", "time": 1734015976079, "isBuyerMaker": true, "isBestMatch": true}, {"id": 4259660111, "price": "101673.89000000", "qty": "0.00005000", "quoteQty": "5.08369450", "time": 1734015976079, "isBuyerMaker": true, "isBestMatch": true}, {"id": 4259660112, "price": "101673.89000000", "qty": "0.00005000", "quoteQty": "5.08369450", "time": 1734015976079, "isBuyerMaker": true, "isBestMatch": true}, {"id": 4259660113, "price": "101673.89000000", "qty": "0.00005000", "quoteQty": "5.08369450", "time": 1734015976079, "isBuyerMaker": true, "isBestMatch": true}, {"id": 4259660114, "price": "101673.89000000", "qty": "0.00005000", "quoteQty": "5.08369450", "time": 1734015976079, "isBuyerMaker": true, "isBestMatch": true}, {"id": 4259660115, "price": "101673.89000000", "qty": "0.00005000", "quoteQty": "5.08369450", "time": 1734015976079, "isBuyerMaker": true, "isBestMatch": true}, {"id": 4259660116, "price": "101673.89000000", "qty": "0.00005000", "quoteQty": "5.08369450", "time": 1734015976079, "isBuyerMaker": true, "isBestMatch": true}, {"id": 4259660117, "price": "101673.89000000", "qty": "0.00005000", "quoteQty": "5.08369450", "time": 1734015976079, "isBuyerMaker": true, "isBestMatch": true}, {"id": 4259660118, "price": "101673.89000000", "qty": "0.00005000", "quoteQty": "5.08369450", "time": 1734015976079, "isBuyerMaker": true, "isBestMatch": true}, {"id": 4259660119, "price": "101673.89000000", "qty": "0.00005000", "quoteQty": "5.08369450", "time": 1734015976079, "isBuyerMaker": true, "isBestMatch": true}, {"id": 4259660120, "price": "101673.88000000", "qty": "0.00010000", "quoteQty": "10.16738800", "time": 1734015976079, "isBuyerMaker": true, "isBestMatch": true}, {"id": 4259660121, "price": "101673.88000000", "qty": "0.00010000", "quoteQty": "10.16738800", "time": 1734015976079, "isBuyerMaker": true, "isBestMatch": true}, {"id": 4259660122, "price": "101673.62000000", "qty": "0.00024000", "quoteQty": "24.40166880", "time": 1734015976079, "isBuyerMaker": true, "isBestMatch": true}, {"id": 4259660123, "price": "101673.62000000", "qty": "0.00010000", "quoteQty": "10.16736200", "time": 1734015976079, "isBuyerMaker": true, "isBestMatch": true}, {"id": 4259660124, "price": "101673.62000000", "qty": "0.00010000", "quoteQty": "10.16736200", "time": 1734015976079, "isBuyerMaker": true, "isBestMatch": true}, {"id": 4259660125, "price": "101673.39000000", "qty": "0.00010000", "quoteQty": "10.16733900", "time": 1734015976079, "isBuyerMaker": true, "isBestMatch": true}, {"id": 4259660126, "price": "101673.39000000", "qty": "0.00024000", "quoteQty": "24.40161360", "time": 1734015976079, "isBuyerMaker": true, "isBestMatch": true}, {"id": 4259660127, "price": "101673.39000000", "qty": "0.00010000", "quoteQty": "10.16733900", "time": 1734015976079, "isBuyerMaker": true, "isBestMatch": true}, {"id": 4259660128, "price": "101673.38000000", "qty": "0.00010000", "quoteQty": "10.16733800", "time": 1734015976079, "isBuyerMaker": true, "isBestMatch": true}, {"id": 4259660129, "price": "101673.38000000", "qty": "0.00009000", "quoteQty": "9.15060420", "time": 1734015976079, "isBuyerMaker": true, "isBestMatch": true}, {"id": 4259660130, "price": "101673.38000000", "qty": "0.00006000", "quoteQty": "6.10040280", "time": 1734015976079, "isBuyerMaker": true, "isBestMatch": true}, {"id": 4259660131, "price": "101673.38000000", "qty": "0.00010000", "quoteQty": "10.16733800", "time": 1734015976079, "isBuyerMaker": true, "isBestMatch": true}, {"id": 4259660132, "price": "101673.38000000", "qty": "0.00006000", "quoteQty": "6.10040280", "time": 1734015976079, "isBuyerMaker": true, "isBestMatch": true}, {"id": 4259660133, "price": "101673.38000000", "qty": "0.00006000", "quoteQty": "6.10040280", "time": 1734015976079, "isBuyerMaker": true, "isBestMatch": true}, {"id": 4259660134, "price": "101673.38000000", "qty": "0.00006000", "quoteQty": "6.10040280", "time": 1734015976079, "isBuyerMaker": true, "isBestMatch": true}, {"id": 4259660135, "price": "101673.38000000", "qty": "0.00006000", "quoteQty": "6.10040280", "time": 1734015976079, "isBuyerMaker": true, "isBestMatch": true}, {"id": 4259660136, "price": "101673.38000000", "qty": "0.00006000", "quoteQty": "6.10040280", "time": 1734015976079, "isBuyerMaker": true, "isBestMatch": true}, {"id": 4259660137, "price": "101673.38000000", "qty": "0.00006000", "quoteQty": "6.10040280", "time": 1734015976079, "isBuyerMaker": true, "isBestMatch": true}, {"id": 4259660138, "price": "101673.38000000", "qty": "0.00006000", "quoteQty": "6.10040280", "time": 1734015976079, "isBuyerMaker": true, "isBestMatch": true}, {"id": 4259660139, "price": "101673.38000000", "qty": "0.00006000", "quoteQty": "6.10040280", "time": 1734015976079, "isBuyerMaker": true, "isBestMatch": true}, {"id": 4259660140, "price": "101673.38000000", "qty": "0.00006000", "quoteQty": "6.10040280", "time": 1734015976079, "isBuyerMaker": true, "isBestMatch": true}, {"id": 4259660141, "price": "101673.37000000", "qty": "0.00113000", "quoteQty": "114.89090810", "time": 1734015976079, "isBuyerMaker": true, "isBestMatch": true}, {"id": 4259660142, "price": "101673.37000000", "qty": "0.00010000", "quoteQty": "10.16733700", "time": 1734015976080, "isBuyerMaker": true, "isBestMatch": true}, {"id": 4259660143, "price": "101673.37000000", "qty": "0.00008000", "quoteQty": "8.13386960", "time": 1734015976080, "isBuyerMaker": true, "isBestMatch": true}, {"id": 4259660144, "price": "101673.37000000", "qty": "0.00002000", "quoteQty": "2.03346740", "time": 1734015976081, "isBuyerMaker": true, "isBestMatch": true}, {"id": 4259660145, "price": "101672.25000000", "qty": "0.00004000", "quoteQty": "4.06689000", "time": 1734015976081, "isBuyerMaker": true, "isBestMatch": true}, {"id": 4259660146, "price": "101672.25000000", "qty": "0.00018000", "quoteQty": "18.30100500", "time": 1734015976084, "isBuyerMaker": true, "isBestMatch": true}, {"id": 4259660147, "price": "101672.25000000", "qty": "0.00010000", "quoteQty": "10.16722500", "time": 1734015976084, "isBuyerMaker": true, "isBestMatch": true}, {"id": 4259660148, "price": "101672.25000000", "qty": "0.00008000", "quoteQty": "8.13378000", "time": 1734015976084, "isBuyerMaker": true, "isBestMatch": true}, {"id": 4259660149, "price": "101672.25000000", "qty": "0.00002000", "quoteQty": "2.03344500", "time": 1734015976084, "isBuyerMaker": true, "isBestMatch": true}, {"id": 4259660150, "price": "101672.01000000", "qty": "0.00008000", "quoteQty": "8.13376080", "time": 1734015976084, "isBuyerMaker": true, "isBestMatch": true}, {"id": 4259660151, "price": "101672.01000000", "qty": "0.00008000", "quoteQty": "8.13376080", "time": 1734015976084, "isBuyerMaker": true, "isBestMatch": true}, {"id": 4259660152, "price": "101672.01000000", "qty": "0.00002000", "quoteQty": "2.03344020", "time": 1734015976084, "isBuyerMaker": true, "isBestMatch": true}, {"id": 4259660153, "price": "101672.01000000", "qty": "0.00008000", "quoteQty": "8.13376080", "time": 1734015976084, "isBuyerMaker": true, "isBestMatch": true}, {"id": 4259660154, "price": "101672.01000000", "qty": "0.00008000", "quoteQty": "8.13376080", "time": 1734015976084, "isBuyerMaker": true, "isBestMatch": true}, {"id": 4259660155, "price": "101672.01000000", "qty": "0.00002000", "quoteQty": "2.03344020", "time": 1734015976084, "isBuyerMaker": true, "isBestMatch": true}, {"id": 4259660156, "price": "101672.01000000", "qty": "0.00008000", "quoteQty": "8.13376080", "time": 1734015976084, "isBuyerMaker": true, "isBestMatch": true}, {"id": 4259660157, "price": "101672.01000000", "qty": "0.00008000", "quoteQty": "8.13376080", "time": 1734015976084, "isBuyerMaker": true, "isBestMatch": true}, {"id": 4259660158, "price": "101672.01000000", "qty": "0.00008000", "quoteQty": "8.13376080", "time": 1734015976084, "isBuyerMaker": true, "isBestMatch": true}, {"id": 4259660159, "price": "101672.01000000", "qty": "0.00008000", "quoteQty": "8.13376080", "time": 1734015976084, "isBuyerMaker": true, "isBestMatch": true}, {"id": 4259660160, "price": "101672.01000000", "qty": "0.00002000", "quoteQty": "2.03344020", "time": 1734015976084, "isBuyerMaker": true, "isBestMatch": true}, {"id": 4259660161, "price": "101672.01000000", "qty": "0.00006000", "quoteQty": "6.10032060", "time": 1734015976084, "isBuyerMaker": true, "isBestMatch": true}, {"id": 4259660162, "price": "101672.01000000", "qty": "0.00008000", "quoteQty": "8.13376080", "time": 1734015976084, "isBuyerMaker": true, "isBestMatch": true}, {"id": 4259660163, "price": "101672.01000000", "qty": "0.00004000", "quoteQty": "4.06688040", "time": 1734015976084, "isBuyerMaker": true, "isBestMatch": true}, {"id": 4259660164, "price": "101672.01000000", "qty": "0.00004000", "quoteQty": "4.06688040", "time": 1734015976084, "isBuyerMaker": true, "isBestMatch": true}, {"id": 4259660165, "price": "101672.01000000", "qty": "0.00008000", "quoteQty": "8.13376080", "time": 1734015976084, "isBuyerMaker": true, "isBestMatch": true}, {"id": 4259660166, "price": "101672.00000000", "qty": "0.00006000", "quoteQty": "6.10032000", "time": 1734015976084, "isBuyerMaker": true, "isBestMatch": true}, {"id": 4259660167, "price": "101672.00000000", "qty": "0.00080000", "quoteQty": "81.33760000", "time": 1734015976086, "isBuyerMaker": true, "isBestMatch": true}, {"id": 4259660168, "price": "101672.01000000", "qty": "0.00014000", "quoteQty": "14.23408140", "time": 1734015976278, "isBuyerMaker": false, "isBestMatch": true}, {"id": 4259660169, "price": "101672.01000000", "qty": "0.00014000", "quoteQty": "14.23408140", "time": 1734015976278, "isBuyerMaker": false, "isBestMatch": true}, {"id": 4259660170, "price": "101672.01000000", "qty": "0.00200000", "quoteQty": "203.34402000", "time": 1734015976339, "isBuyerMaker": false, "isBestMatch": true}, {"id": 4259660171, "price": "101672.01000000", "qty": "0.02369000", "quoteQty": "2408.60991690", "time": 1734015976344, "isBuyerMaker": false, "isBestMatch": true}, {"id": 4259660172, "price": "101672.01000000", "qty": "0.00200000", "quoteQty": "203.34402000", "time": 1734015976351, "isBuyerMaker": false, "isBestMatch": true}]